@book{Chubb77,
    TITLE="How to Operate Your Model Railroad",
    AUTHOR="Bruce Chubb", 
    PUBLISHER="Kalmbach Books",
    YEAR="1977, 1978, 1991"}

@book{Chubb89,
    TITLE="Build Your Own Universal Computer Interface",
    AUTHOR="Bruce Chubb",
    PUBLISHER="Tab Books",
    YEAR=1989}

@manual{Chubb03,
	TITLE="The Computer/Model Railroad Interfase (C/MRI) User's Manual",
	AUTHOR="Bruce Chubb",
	YEAR=2003,
	PUBLISHER="JLC Enterprises Inc.",
	HOWPUBLISHED="Available from JLC Enterprises Inc. at \url{http://www.jlcenterprises.net/}"}

@misc{Chubb04,
    TITLE="Downloadable SMINI Information Package",
    AUTHOR="Bruce Chubb",
    YEAR=2004,
    PUBLISHER="JLC Enterprises Inc.",
    HOWPUBLISHED="On the web at the URL: \url{http://www.jlcenterprises.net/Files/SMINI%20Information%20Package.zip}."}

@misc{ChubbBAS04,
    TITLE="USTPQB.TXT",
    AUTHOR="Bruce Chubb",
    YEAR=2004,
    PUBLISHER="JLC Enterprises Inc.",
    HOWPUBLISHED="On the web at the URL: \url{http://www.jlcenterprises.net/Files/USTPQB.TXT}."}

@article{ChubbMRJan04,
    TITLE="Signaling Make Easier, Part 1",
    AUTHOR="Bruce Chubb",
    YEAR=2004,
    PUBLISHER="Kalmbach Books",
    JOURNAL="Model Railroader",
    MONTH="Janurary",
    PAGES="130-134"}

@article{ChubbMRFeb04,
    TITLE="Signaling Make Easier, Part 2",
    AUTHOR="Bruce Chubb",
    YEAR=2004,
    PUBLISHER="Kalmbach Books",
    JOURNAL="Model Railroader",
    MONTH="Feburary",
    PAGES="68-73"}

@article{ChubbMRMar04,
    TITLE="Signaling Make Easier, Part 3",
    AUTHOR="Bruce Chubb",
    YEAR=2004,
    PUBLISHER="Kalmbach Books",
    JOURNAL="Model Railroader",
    MONTH="March",
    PAGES="86-91"}

@article{ChubbMRApr04,
    TITLE="Signaling Make Easier, Part 4",
    AUTHOR="Bruce Chubb",
    YEAR=2004,
    PUBLISHER="Kalmbach Books",
    JOURNAL="Model Railroader",
    MONTH="April",
    PAGES="78-81"}

@misc{FinnApr04,
    TITLE="Make Circle",
    AUTHOR="John Finn",
    YEAR=2004,
    PUBLISHER="Deepwoods Software",
    HOWPUBLISHED="Included Additional PDF file named Finn.pdf"}

@book{Xpress03,
    TITLE="XpressNet Specification",
    AUTHOR="Lenz Elektronik GMBH",
    YEAR=2003,
    PUBLISHER="Lenz Elektronik GMBH",
    HOWPUBLISHED="Available for download from \url{http://www.lenz.com/}"}

@manual{progguide,
    TITLE="Model Railroad System A collection of utilities for Model Railroaders, Programming Guides",
    AUTHOR="Robert Heller",
    YEAR="2007-2013",
    PUBLISHER="Deepwoods Software",
    HOWPUBLISHED="Included Additional PDF file named ProgrammingGuide.pdf"}

@manual{userman,
    TITLE="Model Railroad System A collection of utilities for Model Railroaders, User Manual",
    AUTHOR="Robert Heller",
    YEAR="2007-2013",
    PUBLISHER="Deepwoods Software",
    HOWPUBLISHED="Included Additional PDF file named UserManual.pdf"}

@manual{internals,
    TITLE="Model Railroad System A collection of utilities for Model Railroaders, Internals",
    AUTHOR="Robert Heller",
    YEAR="2007-2013",
    PUBLISHER="Deepwoods Software",
    HOWPUBLISHED="Included Additional PDF file named Internals.pdf"}

@misc{MRRElectronicsRPAISLEY,
	author = {Rob Paisley},
	publisher = "Rob Paisley",
	title = "Model Railroad \& Misc. Electronics",
	howpublished = {On the web at the URL:
		\url{http://home.cogeco.ca/~rpaisley4/CircuitIndex.html}},
	year=1999}

