@book{Chubb77,
    TITLE="How to Operate Your Model Railroad",
    AUTHOR="Bruce A. Chubb", EDITOR="Mike Schafer",
    PUBLISHER="Kalmbach Books",
    YEAR="1977, 1978, 1991"}

